@misc{dslab-repo,
  title   = {Репозиторий DSLab},
  urlyear = {31.01.2023},
  url     = {https://github.com/osukhoroslov/dslab}
}

@misc{async-book,
  title   = {Asynchronous Programming in Rust},
  urlyear = {31.01.2023},
  url     = {https://rust-lang.github.io/async-book}
}

@misc{async-book-example,
  title   = {Asynchronous Programming in Rust. Under the Hood: Executing Futures and Tasks},
  urlyear = {31.01.2023},
  url     = {https://rust-lang.github.io/async-book/02_execution/01_chapter.html}
}


@misc{rust-futures,
  title   = {Rust crate <<futures>>},
  url     = {https://crates.io/crates/futures},
  urlyear = {31.01.2023}
}

@misc{my-demo,
  title   = {Прототип асинхронного dslab-core},
  url     = {https://gitlab.com/makogon2907/rust-async-await-prototype},
  urlyear = {31.01.2023}
}

@misc{my-demo-replicas,
  title   = {Пример использования прототипа асинхронного ядра в случае распределенного хранилища},
  url     = {https://gitlab.com/makogon2907/rust-async-await-prototype/-/tree/master/samples/replicas},
  urlyear = {31.01.2023}
}

@misc{shad-rust,
  title   = {Shad Rust course repository},
  url     = {https://gitlab.manytask.org/rust-ysda/public-2022-fall},
  urlyear = {31.01.2023}
}

@misc{dslab-description,
  title   = {Описание проекта DSLab},
  url     = {https://docs.google.com/document/d/1Z8ivtqLRMFG-EfaiRaWBT8dNHFjYjuDhz0bWIYkc-A8/edit},
  urlyear = {31.01.2023}
}

@misc{dslab-requirements,
  title   = {Требования к проекту DSLab},
  url     = {https://docs.google.com/document/d/1CprULnQiVSWTXiBkx90CSEi4tgkUhM3R6VeCp1CsRwo/edit},
  urlyear = {31.01.2023}
}

@misc{dslab-architecture,
  title   = {Архитектура проекта DSLab},
  url     = {https://docs.google.com/document/d/12CcGpdulqMJppAYoNrOdpIWZYEa3flXn9JMX5fdyAnY/edit},
  urlyear = {31.01.2023}
}

@misc{dslab-analog-cmp,
  title   = {Существующие решения и аналоги DSLab},
  url     = {https://docs.google.com/document/d/1H2711nGiS6m7QTo4pMfmrIBmg4llLKUhQzDiFNIw-UU/edit},
  urlyear = {31.01.2023}
}

@misc{opendc-repo,
  title   = {Репозиторий проекта OpenDC},
  url     = {https://github.com/atlarge-research/opendc},
  urlyear = {31.01.2023}
}

@misc{simgrid-example,
  title   = {Пример использования асинхронного кода в фреймворке SimGrid},
  url     = {https://github.com/osukhoroslov/dslab/blob/main/examples-other/simgrid/ping-pong/process.cpp},
  urlyear = {31.01.2023}
}

@misc{opendc-example,
  title   = {Пример использования асинхронного кода в фреймворке OpenDC},
  url     = {https://github.com/atlarge-research/opendc/blob/master/opendc-simulator/opendc-simulator-core/src/main/kotlin/org/opendc/simulator/kotlin/SimulationBuilders.kt},
  urlyear = {31.01.2023}
}

@misc{async-dslab-core,
  title   = {Реализация асинхронного ядра},
  url     = {https://github.com/nogokama/dslab/tree/modify_dslab_core/crates/dslab-core/src},
  urlyear = {11.05.2023}
}




